/home/kyleb/src/kyleabeauchamp/personal/dissertation/thesis.bib