/home/kyleb/src/pymd/Papers/References.bib